@Article{Reynolds2021,
  author = {Tim Reynolds},
  date   = {2021},
  title  = {3s for all: NBA sets season record for 3-pointers per game},
  url    = {https://www.nba.com/news/3s-for-all-nba-sets-season-record-for-3-pointers-per-game},
}

@Article{Schuhmann2021,
  author = {John Schuhmann},
  date   = {2021},
  title  = {NBA's 3-point revolution: How 1 shot is changing the game},
  url    = {https://www.nba.com/news/3-point-era-nba-75},
}

@Article{Woo2018,
  author = {Marcus Woo},
  date   = {2018},
  title  = {Artificial Intelligence in NBA Basketball},
  url    = {https://www.insidescience.org/news/artificial-intelligence-nba-basketball},
}


@Article{Tian2019,
  author  = {Tian, C., De Silva, V., Caine, M., Swanson, S.},
  title   = {Use of machine learning to automate the identification of basketball strategies using whole team player tracking data},
  journal = "Applied Sciences",
  year    = 2019,
  volume  = "10",
  number  = "1",
  pages   = "24"
}

@Article{BinXinyang2021,
  author  = {Bin, Li, Xinyang, Xu},
  title   = {Application of Artificial Intelligence in Basketball Sport},
  journal = "Journal of Education, Health and Sport",
  year    = 2021,
  volume  = "11",
  number  = "7",
  pages   = "54-67"
}

@phdthesis{Narayan2019,
  author  = "Narayan, Santhosh",
  title   = "Applications of Machine Learning: Basketball Strategy",
  school  = "Massachusetts Institute of Technology",
  address = "Cambridge, MA",
  year    = 2019,
  month   = june
}

@Article{BasicBasketballStats,
  author = {BreakThroughBasketball},
  date   = {2015},
  title  = {Basketball Statistics Definitions},
  url    = {https://www.breakthroughbasketball.com/stats/definitions.html},
}

@Article{BuildMLModel,
  author = {Nantasenamat, Chanin},
  date   = {2020},
  title  = {How to build a Machine Learning Model},
  url    = {https://towardsdatascience.com/how-to-build-a-machine-learning-model-439ab8fb3fb1},
}

@Book{Sprawball2019,
  author    = {Goldsberry, Kirk},
  editor    = {Goldsberry, Kirk},
  publisher = {Mariner Books},
  title     = {SprawlBall: A Visual Tour of the New Era of the NBA},
  year      = {2019},
  address   = {Boston},
  isbn      = {978-1328767516},
  booktitle = {SprawlBall: A Visual Tour of the New Era of the NBA},
  pages     = {1-256},
}
